@techreport{rfc:attack,
	author = 	"R. Shirey",
	title =		"Internet Security Glossary, Version 2",
	year = 		"2007",
	month = 	"Srpen",
	number =	4949,
	type = 		"RFC",
	pages =		"{21-23}",
	institution = "RFC Editor",
	url =		"https://tools.ietf.org/html/rfc4949"
}

@incollection{ipfix,
      author =       "Velan Petr, Krejčí Radek",
      title =        "Flow Information Storage Assessment Using IPFIXcol",
      booktitle =    "Lecture Notes in Computer Science 7279",
      publisher =    "Springer",
      year =         "2012",
      isbn =         "978-3-642-30632-7",
}

@article{idsips,
  title={IDS vs IPS},
  author={Patil, Suchita and Rane, Pradnya and Meshram, Dr BB},
  journal={IRACST--International Journal of Computer Networks and Wireless Communications (IJCNWC), ISSN},
  year={2012}
}

@article{xmlvsjson,
  title={Comparison of JSON and XML Data Interchange Formats: A Case Study.},
  author={Nurseitov, Nurzhan and Paulson, Michael and Reynolds, Randall and Izurieta, Clemente},
  journal={Caine},
  volume={2009},
  pages={157--162},
  year={2009}
}

@article{flowmon:report,
  title={FlowMon Probe},
  author={{\v{C}}eleda, Pavel and Kov{\'a}{\v{c}}ik, Milan and Kon{\'\i}{\v{r}}, Tom{\'a}{\v{s}} and Krm{\'\i}{\v{c}}ek, Vojt{\v{e}}ch and {\v{S}}pringl, Petr and {\v{Z}}{\'a}dn{\'\i}k, Martin},
  journal={Networking Studies},
  pages={67},
  year={2006}
}

@online{flowmon:ads,
  author = {Flowmon Networks, a.s.},
  title = {Flowmon Anomaly Detection System},
  year = 2016,
  url = {https://www.flowmon.com/cs/products/flowmon/anomaly-detection-system},
  urldate = {2016-04-11}
}

@book{cisco:ids,
  title={Cisco secure intrusion detection systems},
  author={Carter, Earl and Foreword By-Stiffler, Rick},
  year={2001},
  publisher={Cisco Press}
}

@inproceedings{vermont,
  title={Vermont-a versatile monitoring toolkit for IPFIX and PSAMP},
  author={Lampert, Ronny T and Sommer, Christoph and M{\"u}nz, Gerhard and Dressler, Falko},
  booktitle={Proceedings of the IEEE/IST Workshop on Monitoring, Attack Detection and Mitigation, MonAM},
  volume={6},
  year={2006}
}

@inproceedings{vermont:history,
  title={History-high speed network monitoring and analysis},
  author={Dressler, Falko and Carle, Georg},
  booktitle={Proceedings of 24th IEEE Conference on Computer Communications (IEEE INFOCOM 2005), Miami, FL, USA},
  year={2005}
}

@article{vermont:diadem,
  title={DIADEM firewall: Web server overload attack detection and response},
  author={Munz, Gerhard and Fessi, Ali and Carle, Georg and Paul, Oliver and Gabrijelcic, D and Carlinet, Yannick and Yusuf, Sherif and Sloman, Morris and Thing, VLL and Lunteren, J v and others},
  journal={Broadband Europe (BBEurope)},
  year={2005},
  publisher={Citeseer}
}

@inproceedings{snort,
  title={Snort: Lightweight Intrusion Detection for Networks.},
  author={Roesch, Martin and others},
  booktitle={LISA},
  volume={99},
  number={1},
  pages={229--238},
  year={1999}
}

@online{snort:cisco,
  author = {Cisco Systems, Inc.},
  title = {Cisco Announces Agreement to Acquire Sourcefire},
  year = 2013,
  url = {http://www.cisco.com/c/en/us/about/corporate-strategy-office/acquisitions/sourcefire.html},
  urldate = {2013-07-27}
}

@online{snort:modes,
  author = {Cisco Systems, Inc.},
  title = {Snort Users Manual},
  year = 2016,
  url = {http://manual.snort.org/node2.html},
  urldate = {2016-04-11}
}

@article{bro,
  title={Bro: a system for detecting network intruders in real-time},
  author={Paxson, Vern},
  journal={Computer networks},
  volume={31},
  number={23},
  pages={2435--2463},
  year={1999},
  publisher={Elsevier}
}
